<?xml version="1.0" encoding="UTF-8"?><collection xmlns="http://www.loc.gov/MARC21/slim"><record><leader>00491nam--2200169-i-4500</leader><controlfield tag="001">000026417</controlfield><controlfield tag="002">20161230</controlfield><controlfield tag="005">20161230201036</controlfield><controlfield tag="008">060222s1000------------r-----000-0-eng-d</controlfield><datafield ind1=" " ind2=" " tag="040"><subfield code="a">IFIN-HH</subfield></datafield><datafield ind1=" " ind2=" " tag="080"><subfield code="a">538.91(061.3)</subfield></datafield><datafield ind1="1" ind2=" " tag="100"><subfield code="a">Bersukar, I.B</subfield></datafield><datafield ind1="1" ind2="0" tag="245"><subfield code="a">Xth international symposium on the jahn-telle effect kishinev, september 26-29, 1989. abstracts</subfield><subfield code="c">I.b. bersukar</subfield></datafield><datafield ind1=" " ind2=" " tag="260"><subfield code="a">Kishinev</subfield><subfield code="b">University</subfield><subfield code="c">1989</subfield></datafield><datafield ind1=" " ind2=" " tag="300"><subfield code="a">278P</subfield></datafield><datafield ind1=" " ind2=" " tag="852"><subfield code="a">79021</subfield><subfield code="c">539.2</subfield></datafield><datafield ind1=" " ind2=" " tag="CAT"><subfield code="a">Sys</subfield><subfield code="c">20121203</subfield><subfield code="h">121631</subfield></datafield></record></collection>